<record><leader>00000cas a22000007a 4500</leader><controlfield tag="001">12867706</controlfield><controlfield tag="008">851204d18871895njudr ne      0    0eng d</controlfield><datafield ind1=" " ind2=" " tag="010"><subfield code="a">sn 85035941 </subfield></datafield><datafield ind1=" " ind2=" " tag="040"><subfield code="a">NPA</subfield><subfield code="b">eng</subfield><subfield code="c">NPA</subfield><subfield code="d">NJW</subfield><subfield code="d">OCLCQ</subfield></datafield><datafield ind1=" " ind2=" " tag="042"><subfield code="a">msc</subfield></datafield><datafield ind1="0" ind2=" " tag="130"><subfield code="a">Daily press (Asbury Park, N.J.)</subfield></datafield><datafield ind1="1" ind2="4" tag="245"><subfield code="a">The daily press.</subfield></datafield><datafield ind1="3" ind2="0" tag="246"><subfield code="a">Shore press</subfield></datafield><datafield ind1=" " ind2=" " tag="260"><subfield code="a">Asbury Park and Ocean Grove, N.J. :</subfield><subfield code="b">Penfield Bros.,</subfield><subfield code="c">1887-1895.</subfield></datafield><datafield ind1=" " ind2=" " tag="300"><subfield code="a">v. :</subfield><subfield code="b">ill.</subfield></datafield><datafield ind1=" " ind2=" " tag="310"><subfield code="a">Daily</subfield></datafield><datafield ind1="0" ind2=" " tag="362"><subfield code="a">No. 1 (June 20, 1887)-7th yr., no. 60 (Sept. 2, 1893); v. 8, no. 1 (Apr. 17, 1894)-v. 9, no. 149 (June 22, 1895).</subfield></datafield><datafield ind1=" " ind2=" " tag="500"><subfield code="a">Sunday ed. called: Shore press.</subfield></datafield><datafield ind1=" " ind2=" " tag="500"><subfield code="a">Issue for Aug. 22, 1892 also called "Midsummer souvenir number."</subfield></datafield><datafield ind1=" " ind2=" " tag="500"><subfield code="a">With the issue for July 3, 1890, published solely in Asbury Park, N.J.</subfield></datafield><datafield ind1=" " ind2=" " tag="500"><subfield code="a">Published by Penfield Pub. Co., &lt;1894&gt;.</subfield></datafield><datafield ind1=" " ind2=" " tag="500"><subfield code="a">Editor: Robertus D. Love, &lt;1894&gt;.</subfield></datafield><datafield ind1=" " ind2=" " tag="515"><subfield code="a">With the issue for June 17, 1889, the single number scheme was replaced in favor of a year number and number designation, later a volume and number designation.</subfield></datafield><datafield ind1=" " ind2=" " tag="752"><subfield code="a">United States</subfield><subfield code="b">New Jersey</subfield><subfield code="c">Monmouth</subfield><subfield code="d">Asbury Park.</subfield></datafield><datafield ind1=" " ind2=" " tag="752"><subfield code="a">United States</subfield><subfield code="b">New Jersey</subfield><subfield code="c">Monmouth</subfield><subfield code="d">Ocean Grove.</subfield></datafield><datafield ind1="0" ind2="0" tag="780"><subfield code="t">Daily shore press</subfield></datafield><datafield ind1="0" ind2="0" tag="785"><subfield code="t">Asbury Park daily press</subfield><subfield code="w">(DLC)sn 85035937</subfield><subfield code="w">(OCoLC)12867714</subfield></datafield><datafield ind1="1" ind2=" " tag="029"><subfield code="a">AU@</subfield><subfield code="b">000025787313</subfield></datafield></record>